<?xml version="1.0" encoding="UTF-8"?><collection xmlns="http://www.loc.gov/MARC21/slim"><record><leader>00447nam--2200145-i-4500</leader><controlfield tag="001">000048859</controlfield><controlfield tag="002">20161230</controlfield><controlfield tag="005">20161230201047</controlfield><controlfield tag="008">060222s1000------------r-----000-0-eng-d</controlfield><datafield ind1=" " ind2=" " tag="040"><subfield code="a">IFIN-HH</subfield></datafield><datafield ind1=" " ind2=" " tag="100"><subfield code="a">Aizenshtat,V.S., Krylov,V.I., Metelskii,A.S</subfield></datafield><datafield ind1=" " ind2=" " tag="245"><subfield code="a">Tablicy dlia chislennogo preobrazovaniia laplasa i vychisleniia integralov vida.</subfield></datafield><datafield ind1=" " ind2=" " tag="260"><subfield code="a">MINSK, AKAD.NAUK BSSR, 1962. 377 p</subfield></datafield><datafield ind1=" " ind2=" " tag="852"><subfield code="a">8222</subfield><subfield code="c">518.2</subfield></datafield><datafield ind1=" " ind2=" " tag="CAT"><subfield code="a">Sys</subfield><subfield code="c">20090728</subfield><subfield code="h">073920</subfield></datafield></record></collection>